<record><leader>00000cas a22000007a 4500</leader><controlfield tag="001">20495476</controlfield><controlfield tag="008">891016d18811885mauwr ne      0    0eng d</controlfield><datafield ind1=" " ind2=" " tag="010"><subfield code="a">sn 89062216 </subfield></datafield><datafield ind1=" " ind2=" " tag="040"><subfield code="a">MGN</subfield><subfield code="b">eng</subfield><subfield code="c">MGN</subfield><subfield code="d">OCLCQ</subfield></datafield><datafield ind1=" " ind2=" " tag="042"><subfield code="a">msc</subfield></datafield><datafield ind1="0" ind2="4" tag="245"><subfield code="a">The Easthampton news and Easthampton enterprise.</subfield></datafield><datafield ind1="1" ind2="3" tag="246"><subfield code="a">News &amp; enterprise</subfield></datafield><datafield ind1="1" ind2="3" tag="246"><subfield code="a">Easthampton news</subfield></datafield><datafield ind1=" " ind2=" " tag="260"><subfield code="a">Easthampton, Mass. :</subfield><subfield code="b">Torrey Bros.</subfield></datafield><datafield ind1=" " ind2=" " tag="300"><subfield code="a">v.</subfield></datafield><datafield ind1=" " ind2=" " tag="310"><subfield code="a">Weekly</subfield></datafield><datafield ind1="0" ind2=" " tag="362"><subfield code="a">Vol. 6, no. 48 (Sept. 2, 1881)-v. 11, no. 13 (Dec. 25, 1885).</subfield></datafield><datafield ind1=" " ind2=" " tag="752"><subfield code="a">United States</subfield><subfield code="b">Massachusetts</subfield><subfield code="c">Hampshire</subfield><subfield code="d">Easthampton.</subfield></datafield><datafield ind1=" " ind2=" " tag="752"><subfield code="a">United States</subfield><subfield code="b">Massachusetts</subfield><subfield code="c">Hampshire</subfield><subfield code="d">Southampton.</subfield></datafield><datafield ind1="0" ind2="4" tag="780"><subfield code="t">Easthampton news (Easthampton, Mass. : 1880)</subfield><subfield code="w">(DLC)sn 89062212</subfield></datafield><datafield ind1="0" ind2="4" tag="780"><subfield code="t">Easthampton enterprise</subfield><subfield code="w">(DLC)sn 89062214</subfield></datafield><datafield ind1="0" ind2="0" tag="785"><subfield code="t">Easthampton news (Easthampton, Mass. : 1886)</subfield><subfield code="w">(DLC)sn 89062217</subfield></datafield></record>